@inbook{
	Levenshtein,
	author="Левенштейн, В. И.",
	title="Двоичные коды с исправлением выпадений, вставок и замещений символов",
	publisher="-- М.: Доклады АН СССР",
	volume=163,
	chapter=4,
	pages="845--848",
	language="russian",
	year=1965
}

@misc{
	IBM,
	title="Кэширование данных",
	howpublished="Режим доступа: \url{https://www.ibm.com/docs/ru/cognos-analytics/10.2.2?topic=SSEP7J_10.2.2/com.ibm.swg.ba.cognos.ug_rtm_wb.10.2.2.doc/c_workingwithdatacachingn20bf0.html}",
	note="Дата обращения: 30.09.2021"
}

@inbook{
	Leshenko,
	author="Лещенко А.В.",
	title="Обзор  и  практическое  применение  алгоритмов  нечеткого  поиска",
	publisher="-- Сборник научных трудов НГТУ.",
	chapter="3-4",
	pages="59--69",
	language="russian",
	year=2018,
	note="DOI: 10.17212/2307-6879-2018-3-4-59-69"
}

@misc{
	golang,
	title="The Go Programming Language [Электронный ресурс]",
	howpublished="Режим доступа: \url{https://golang.org/} (дата обращения: 30.09.2021)"
}

@misc{
	goland,
	title="GoLand: A Clever IDE to Go by JetBrains [Электронный ресурс]",
	howpublished="Режим доступа: \url{https://www.jetbrains.com/go/} (дата обращения: 30.09.2021)"
}

@misc{
	GetProcessTimes,
	title="GetProcessTimes function (processthreadsapi.h) [Электронный ресурс]",
	howpublished="Режим доступа: \url{https://docs.microsoft.com/en-us/windows/win32/api/processthreadsapi/nf-processthreadsapi-getprocesstimes} (дата обращения: 30.09.2021)"
}

@misc{
	cgo,
	title="Using cgo with the go command [Электронный ресурс]",
	howpublished="Режим доступа: \url{https://pkg.go.dev/cmd/cgo#hdr-Using_cgo_with_the_go_command} (дата обращения: 30.09.2021)"
}

@misc{
	getCPUTime,
	title="Determine CPU usage of current process (C++ and C#) [Электронный ресурс]",
	howpublished="Режим доступа: \url{http://www.philosophicalgeek.com/2009/01/03/determine-cpu-usage-of-current-process-c-and-c/} (дата обращения: 30.09.2021)"
}

@misc{
	windows,
	title="Клиентские ресурсы и документация Windows для ИТ-специалистов [Электронный ресурс]",
	howpublished="Режим доступа: \url{https://docs.microsoft.com/ru-ru/windows/resources/} (дата обращения: 30.09.2021)"
}

@misc{
	intel,
	title="Intel® Core™ i7-8750H Processor [Электронный ресурс]",
	howpublished="Режим доступа: \url{https://ark.intel.com/content/www/us/en/ark/products/134906/intel-core-i7-8750h-processor-9m-cache-up-to-4-10-ghz.html} (дата обращения: 01.10.2021)"
}